<?xml version="1.0" encoding="UTF-8"?><collection xmlns="http://www.loc.gov/MARC21/slim"><record><leader>00616nam--2200181-i-4500</leader><controlfield tag="001">000026348</controlfield><controlfield tag="002">20161230</controlfield><controlfield tag="005">20161230201036</controlfield><controlfield tag="008">060222s1000------------r-----000-0-fre-d</controlfield><datafield ind1=" " ind2=" " tag="040"><subfield code="a">IFIN-HH</subfield></datafield><datafield ind1=" " ind2=" " tag="041"><subfield code="a">fre</subfield></datafield><datafield ind1=" " ind2=" " tag="080"><subfield code="a">539.14</subfield></datafield><datafield ind1="1" ind2=" " tag="100"><subfield code="a">Kastler, Alfred S.A</subfield></datafield><datafield ind1="1" ind2="0" tag="245"><subfield code="a">La spectroscopie en radiofrequences</subfield><subfield code="b">Reunions d`etudes et de mises au point tenues sous la presidence de louis de broglie; preface d'a. abragam</subfield><subfield code="c">Alfred kastler</subfield></datafield><datafield ind1=" " ind2=" " tag="260"><subfield code="a">Paris</subfield><subfield code="b">Editions De La Revue D`Optique Theorique Et Instrumentale</subfield><subfield code="c">1957</subfield></datafield><datafield ind1=" " ind2=" " tag="300"><subfield code="a">163P. CU FIG</subfield></datafield><datafield ind1=" " ind2=" " tag="852"><subfield code="a">14035</subfield><subfield code="c">539.143.43</subfield></datafield><datafield ind1=" " ind2=" " tag="CAT"><subfield code="a">Sys</subfield><subfield code="c">20120418</subfield><subfield code="h">164254</subfield></datafield></record></collection>